@inproceedings{DBLP:conf/osdi/BelayBMTMK12,
  author    = {Adam Belay and
               Andrea Bittau and
               Ali Jos{\'{e}} Mashtizadeh and
               David Terei and
               David Mazi{\`{e}}res and
               Christos Kozyrakis},
  title     = {Dune: Safe User-level Access to Privileged {CPU} Features},
  booktitle = {10th {USENIX} Symposium on Operating Systems Design and Implementation,
               {OSDI} 2012, Hollywood, CA, USA, October 8-10, 2012},
  pages     = {335--348},
  year      = {2012},
  crossref  = {DBLP:conf/osdi/2012},
  url       = {https://www.usenix.org/conference/osdi12/technical-sessions/presentation/belay},
  timestamp = {Wed, 14 May 2014 19:43:35 +0200},
  biburl    = {http://dblp.uni-trier.de/rec/bib/conf/osdi/BelayBMTMK12},
  bibsource = {dblp computer science bibliography, http://dblp.org}
}

@inproceedings{DBLP:conf/osdi/LittonVE0BD16,
  author    = {James Litton and
               Anjo Vahldiek{-}Oberwagner and
               Eslam Elnikety and
               Deepak Garg and
               Bobby Bhattacharjee and
               Peter Druschel},
  title     = {Light-Weight Contexts: An {OS} Abstraction for Safety and Performance},
  booktitle = {12th {USENIX} Symposium on Operating Systems Design and Implementation,
               {OSDI} 2016, Savannah, GA, USA, November 2-4, 2016.},
  pages     = {49--64},
  year      = {2016},
  crossref  = {DBLP:conf/osdi/2016},
  url       = {https://www.usenix.org/conference/osdi16/technical-sessions/presentation/litton},
  timestamp = {Mon, 07 Nov 2016 14:38:04 +0100},
  biburl    = {http://dblp.uni-trier.de/rec/bib/conf/osdi/LittonVE0BD16},
  bibsource = {dblp computer science bibliography, http://dblp.org}
}

@inproceedings{DBLP:conf/usenix/FordC08,
  author    = {Bryan Ford and
               Russ Cox},
  title     = {Vx32: Lightweight User-level Sandboxing on the x86},
  booktitle = {2008 {USENIX} Annual Technical Conference, Boston, MA, USA, June 22-27,
               2008. Proceedings},
  pages     = {293--306},
  year      = {2008},
  crossref  = {DBLP:conf/usenix/2008},
  url       = {http://www.usenix.org/events/usenix08/tech/full_papers/ford/ford.pdf},
  timestamp = {Thu, 15 May 2014 19:08:46 +0200},
  biburl    = {http://dblp.uni-trier.de/rec/bib/conf/usenix/FordC08},
  bibsource = {dblp computer science bibliography, http://dblp.org}
}

@article{DBLP:journals/cacm/YeeSDCMOONF10,
  author    = {Bennet Yee and
               David Sehr and
               Gregory Dardyk and
               J. Bradley Chen and
               Robert Muth and
               Tavis Ormandy and
               Shiki Okasaka and
               Neha Narula and
               Nicholas Fullagar},
  title     = {Native Client: a sandbox for portable, untrusted x86 native code},
  journal   = {Commun. {ACM}},
  volume    = {53},
  number    = {1},
  pages     = {91--99},
  year      = {2010},
  url       = {http://doi.acm.org/10.1145/1629175.1629203},
  doi       = {10.1145/1629175.1629203},
  timestamp = {Mon, 26 Apr 2010 14:47:09 +0200},
  biburl    = {http://dblp.uni-trier.de/rec/bib/journals/cacm/YeeSDCMOONF10},
  bibsource = {dblp computer science bibliography, http://dblp.org}
}

@inproceedings{DBLP:conf/uss/SehrMBKPSYC10,
  author    = {David Sehr and
               Robert Muth and
               Cliff Biffle and
               Victor Khimenko and
               Egor Pasko and
               Karl Schimpf and
               Bennet Yee and
               Brad Chen},
  title     = {Adapting Software Fault Isolation to Contemporary {CPU} Architectures},
  booktitle = {19th {USENIX} Security Symposium, Washington, DC, USA, August 11-13,
               2010, Proceedings},
  pages     = {1--12},
  year      = {2010},
  crossref  = {DBLP:conf/uss/2010},
  url       = {http://www.usenix.org/events/sec10/tech/full_papers/Sehr.pdf},
  timestamp = {Wed, 14 May 2014 19:33:31 +0200},
  biburl    = {http://dblp.uni-trier.de/rec/bib/conf/uss/SehrMBKPSYC10},
  bibsource = {dblp computer science bibliography, http://dblp.org}
}

@inproceedings{DBLP:conf/nsdi/BittauMHK08,
  author    = {Andrea Bittau and
               Petr Marchenko and
               Mark Handley and
               Brad Karp},
  title     = {Wedge: Splitting Applications into Reduced-Privilege Compartments},
  booktitle = {5th {USENIX} Symposium on Networked Systems Design {\&} Implementation,
               {NSDI} 2008, April 16-18, 2008, San Francisco, CA, USA, Proceedings},
  pages     = {309--322},
  year      = {2008},
  crossref  = {DBLP:conf/nsdi/2008},
  url       = {http://www.usenix.org/events/nsdi08/tech/full_papers/bittau/bittau.pdf},
  timestamp = {Thu, 15 May 2014 19:24:03 +0200},
  biburl    = {http://dblp.uni-trier.de/rec/bib/conf/nsdi/BittauMHK08},
  bibsource = {dblp computer science bibliography, http://dblp.org}
}

@article{DBLP:journals/computer/UhligNRSMABKLS05,
  author    = {Rich Uhlig and
               Gil Neiger and
               Dion Rodgers and
               Amy L. Santoni and
               Fernando C. M. Martins and
               Andrew V. Anderson and
               Steven M. Bennett and
               Alain K{\"{a}}gi and
               Felix H. Leung and
               Larry Smith},
  title     = {Intel Virtualization Technology},
  journal   = {{IEEE} Computer},
  volume    = {38},
  number    = {5},
  pages     = {48--56},
  year      = {2005},
  url       = {http://dx.doi.org/10.1109/MC.2005.163},
  doi       = {10.1109/MC.2005.163},
  timestamp = {Wed, 16 Dec 2015 10:09:42 +0100},
  biburl    = {http://dblp.uni-trier.de/rec/bib/journals/computer/UhligNRSMABKLS05},
  bibsource = {dblp computer science bibliography, http://dblp.org}
}

@misc{AMD,
  author={AMD},
  title={Secure Virtual Machine Architecture Reference Manual.}
}
